<record><leader>00000cas a22000007a 4500</leader><controlfield tag="001">13726943</controlfield><controlfield tag="008">860613d19141951pauwr ne      0    0eng d</controlfield><datafield ind1=" " ind2=" " tag="010"><subfield code="a">sn 86081550 </subfield></datafield><datafield ind1=" " ind2=" " tag="040"><subfield code="a">NPH</subfield><subfield code="b">eng</subfield><subfield code="c">NPH</subfield><subfield code="d">OCLCQ</subfield></datafield><datafield ind1=" " ind2=" " tag="042"><subfield code="a">msc</subfield></datafield><datafield ind1="0" ind2="0" tag="245"><subfield code="a">Republican standard and Westmoreland journal.</subfield></datafield><datafield ind1="3" ind2="0" tag="246"><subfield code="a">Republican standard</subfield></datafield><datafield ind1=" " ind2=" " tag="260"><subfield code="a">Irwin, Pa. :</subfield><subfield code="b">Republican Print. Co.,</subfield><subfield code="c">-1951.</subfield></datafield><datafield ind1=" " ind2=" " tag="300"><subfield code="a">v. :</subfield><subfield code="b">ill. ;</subfield><subfield code="c">60 cm.</subfield></datafield><datafield ind1=" " ind2=" " tag="310"><subfield code="a">Weekly</subfield></datafield><datafield ind1="0" ind2=" " tag="362"><subfield code="a">-v. 71, no. 33 (Oct. 5, 1951).</subfield></datafield><datafield ind1="1" ind2=" " tag="362"><subfield code="a">Began with v. 33, no. 47 (Feb. 27, 1914).</subfield></datafield><datafield ind1=" " ind2=" " tag="588"><subfield code="a">Description based on: Vol. 33, no. 48 (Mar. 6, 1914).</subfield></datafield><datafield ind1=" " ind2=" " tag="752"><subfield code="a">United States</subfield><subfield code="b">Pennsylvania</subfield><subfield code="c">Westmoreland</subfield><subfield code="d">Irwin.</subfield></datafield><datafield ind1="1" ind2="4" tag="780"><subfield code="t">Republican standard (Irwin, Pa.)</subfield><subfield code="w">(DLC)sn 86081401</subfield></datafield><datafield ind1="1" ind2="4" tag="780"><subfield code="t">Westmoreland journal</subfield></datafield><datafield ind1="0" ind2="0" tag="785"><subfield code="t">Irwin standard (Irwin, Pa. : 1951)</subfield><subfield code="w">(DLC)sn 86081549</subfield></datafield><datafield ind1="1" ind2=" " tag="029"><subfield code="a">AU@</subfield><subfield code="b">000023564002</subfield></datafield></record>